@inproceedings{szanto2015investigation,
  title={Investigation of robotic swarms with partial team-goal knowledge},
  author={Sz{\'a}nt{\'o}, Zolt{\'a}n and M{\'a}rton, L{\H{o}}rinc and Gy{\"o}rgy, Sebesty{\'e}n and Erdei, Timotei Istv{\'a}n},
  booktitle={2015 IEEE 19th International Conference on Intelligent Engineering Systems (INES)},
  pages={243--248},
  year={2015},
  organization={IEEE}
}

@incollection{garnier2011ants,
  title={From ants to robots and back: How robotics can contribute to the study of collective animal behavior},
  author={Garnier, Simon},
  booktitle={Bio-inspired self-organizing robotic systems},
  pages={105--120},
  year={2011},
  publisher={Springer}
}

@inproceedings{colot2004insbot,
  title={Insbot: Design of an autonomous mini mobile robot able to interact with cockroaches},
  author={Colot, Alexandre and Caprari, Gilles and Siegwart, Roland},
  booktitle={IEEE International Conference on Robotics and Automation, 2004. Proceedings. ICRA'04. 2004},
  volume={3},
  pages={2418--2423},
  year={2004},
  organization={IEEE}
}


@incollection{parker2016multiple,
  title={Multiple mobile robot systems},
  author={Parker, Lynne E and Rus, Daniela and Sukhatme, Gaurav S},
  booktitle={Springer Handbook of Robotics},
  pages={1335--1384},
  year={2016},
  publisher={Springer}
}

@book{sutton2018reinforcement,
  title={Reinforcement learning: An introduction},
  author={Sutton, Richard S and Barto, Andrew G},
  year={2018},
  publisher={MIT press}
}
